@misc{kdd1,
    author  = "Osmar R. Zaïane",
    title   = "CMPUT690 Principles of Knowledge Discovery in Databases",
    year    = "1999",
    mote = "Support de cours, University of Alberta, Department of Computing Science",
    url  = "https://www.exinfm.com/pdffiles/intro_dm.pdf",
}

@misc{crispdm1,
  author = {IBM},
  title = {Présentation générale de CRISP-DM},
  year = {2025},
  url = {https://www.ibm.com/docs/fr/spss-modeler/saas?topic=dm-crisp-help-overview},
  note = {Consulté le 23 mars 2025}
}

@misc{crispdm2,
  author = {le1817},
  title = {La méthodologie CRISP-DM},
  year = {2025},
  url = {https://www.le1817.com/blog/la-methodologie-crisp-dm},
  note = {Consulté le 25 mars 2025}
}

@misc{outils1,
  author = {Weeneo},
  title = {Les techniques et outils pour faire du Data Mining},
  year = {2025},
  url = {https://www.weeneoconsulting.com/les-techniques-et-outils-pour-faire-du-data-mining/},
  note = {Consulté le 30 mars 2025}
}

@misc{outils2,
  author = {IONOS},
  title = {Outils de data mining pour une meilleure analyse de données},
  year = {2025},
  url = {https://www.ionos.fr/digitalguide/web-marketing/analyse-web/outils-de-data-mining-comparaison/},
  note = {Consulté le 30 mars 2025}
}

@misc{crispdm2,
  author = {Djamila MOKEDDEM},
  title = {Fouille de Données et Médias Sociaux},
  year = {2019-2020},
  url = {https://www.univ-usto.dz/images/coursenligne/FDMS_DM.pdfm},
  note = {Consulté le 26 mars 2025}
}